<?xml version="1.0" encoding="UTF-8"?>
<record xmlns="http://www.loc.gov/MARC21/slim">
  <leader>01058nam a2200241K  4500</leader>
  <controlfield tag="001">2773857</controlfield>
  <controlfield tag="005">20070129223100.0</controlfield>
  <controlfield tag="008">021023s1840    mau          s000 0 eng d</controlfield>
  <datafield tag="035" ind1=" " ind2=" ">
    <subfield code="a">ocm50846408</subfield>
  </datafield>
  <datafield tag="040" ind1=" " ind2=" ">
    <subfield code="a">BRL</subfield>
    <subfield code="c">BRL</subfield>
  </datafield>
  <datafield tag="049" ind1=" " ind2=" ">
    <subfield code="a">BRLL</subfield>
  </datafield>
  <datafield tag="099" ind1=" " ind2=" ">
    <subfield code="a">4264.55 No. 14</subfield>
  </datafield>
  <datafield tag="110" ind1="1" ind2=" ">
    <subfield code="a">Massachusetts.</subfield>
    <subfield code="b">General Court.</subfield>
  </datafield>
  <datafield tag="245" ind1="1" ind2="0">
    <subfield code="a">In the House of Representatives, March 6th, 1840.</subfield>
    <subfield code="b">The joint special committee to whom were referred the petition of James P. Boyce and 242 other legal voters of Lynn, and many other petitions similar in tenor ... praying that so much of ... the Revised Statutes as relates ... to intermarriage between white persons and Negroes, Mulattoes, of Indians, be erased therefrom ... report ...</subfield>
  </datafield>
  <datafield tag="260" ind1=" " ind2=" ">
    <subfield code="a">[Boston, Mass. : </subfield>
    <subfield code="b">s.n.,</subfield>
    <subfield code="c">1840]</subfield>
  </datafield>
  <datafield tag="300" ind1=" " ind2=" ">
    <subfield code="a">9 p. ;</subfield>
    <subfield code="c">22.5 cm. (8vo.)</subfield>
  </datafield>
  <datafield tag="490" ind1="1" ind2=" ">
    <subfield code="a">House.</subfield>
    <subfield code="v">no. 46</subfield>
  </datafield>
  <datafield tag="500" ind1=" " ind2=" ">
    <subfield code="a">There is no title-page.</subfield>
  </datafield>
  <datafield tag="650" ind1=" " ind2="0">
    <subfield code="a">Miscegenation.</subfield>
  </datafield>
  <datafield tag="830" ind1=" " ind2="0">
    <subfield code="a">House document (Massachusetts. General Court. House of Representatives) ;</subfield>
    <subfield code="v">1840, no. 46.</subfield>
  </datafield>
  <datafield tag="852" ind1=" " ind2=" ">
    <subfield code="k">4264.55 No. 14</subfield>
  </datafield>
  <datafield tag="910" ind1=" " ind2=" ">
    <subfield code="a">rcp2873</subfield>
  </datafield>
  <datafield tag="994" ind1=" " ind2=" ">
    <subfield code="a">02</subfield>
    <subfield code="b">BRL</subfield>
  </datafield>
</record>
